@inproceedings{colton2014acid,
  title={On Acid Drops and Teardrops: Observer Issues in Computational Creativity},
  author={Colton, Simon and Cook, Michael and Hepworth, Rose and Pease, Alison},
  booktitle={Proceedings of the 7th {AISB} {S}ymposium on {C}omputing and {P}hilosophy},
  year={2014}
}

@book{clark2008supersizing,
  title={Supersizing the Mind: Embodiment, Action, and Cognitive Extension: Embodiment, Action, and Cognitive Extension},
  author={Clark, Andy},
  year={2008},
  publisher={Oxford University Press}
}

@book{clark1993associative,
  title={Associative engines: Connectionism, concepts, and representational change},
  author={Clark, Andy},
  year={1993},
  publisher={MIT Press}
}


@misc{ wiki:cosmic-radiation,
  author = "Wikipedia",
  title = "Discovery of cosmic microwave background radiation --- Wikipedia{,} The Free Encyclopedia",
  year = "2014",
  url = "\url{http://en.wikipedia.org/w/index.php?title=Discovery_of_cosmic_microwave_background_radiation&oldid=608433561}",
  note = "[Online; accessed 29-September-2014]"
}

@article{bouzy2001computer,
  title={{C}omputer {G}o: an {AI} oriented survey},
  author={Bouzy, Bruno and Cazenave, Tristan},
  journal={Artificial Intelligence},
  volume={132},
  number={1},
  pages={39--103},
  year={2001},
  publisher={Elsevier}
}


@inproceedings{pease2011computational,
  title={Computational creativity theory: Inspirations behind the {FACE} and the {IDEA} models},
  author={Pease, Alison and Colton, Simon},
  booktitle={Proceedings of the Second International Conference on Computational Creativity},
  year={2011}
}

@inproceedings{colton:iccc12,
  title={Full {F}{A}{C}{E} poetry generation},
  author={Colton, Simon and Goodwin, Jacob and Veale, Tony},
  booktitle={Proceedings of the Third International Conference on Computational Creativity},
  pages={95--102},
  year={2012}
}

@incollection{goguen1999introduction,
  title={An introduction to algebraic semiotics, with application to user interface design},
  author={Goguen, Joseph},
  booktitle={Computation for metaphors, analogy, and agents},
  pages={242--291},
  year={1999},
  publisher={Springer}
}

@incollection{deacon2006emergence,
  title={Emergence: {T}he hole at the wheel{'}s hub},
  author={Deacon, Terrence W},
  booktitle={The re-emergence of emergence},
  editor={Clayton, Philip and Davies, Paul},
  pages={111--150},
  location={New York},
  publisher={Oxford University Press},
  year={2006}
}

@book{rao2011tempo,
  title={Tempo: {T}iming, tactics and strategy in narrative-driven decision-making},
  author={Venkatesh Rao},
  year={2011},
  publisher={Ribbonfarm, Inc.}
}

@article{andersen2002dynamic,
  title={Dynamic semiotics},
  author={Andersen, Peter B},
  journal={Semiotica},
  volume={139},
  number={1/4},
  pages={161--210},
  year={2002},
  publisher={De Gruyter}
}

@inproceedings{delanda2005deleuze,
  title={{D}eleuze and the {O}pen {E}nded {B}ecoming of the {W}orld},
  author={DeLanda, Manuel},
  booktitle={{C}haos/{C}ontrol: {C}omplexity {C}onference, {U}niversity of {B}ielefeld, {G}ermany},
  year={1998}
}

@inproceedings{yuan2008towards,
  title={Towards an arguing agents competition: Building on argumento},
  author={Yuan, Tangming and Schulze, Jenny and Devereux, Joseph and Reed, Chris},
  booktitle={Proceedings of IJCAI'2008 Workshop on Computational Models of Natural Argument},
  year={2008}
}

@incollection{hofstadter1994copycat,
  title={The copycat project: {A} model of mental fluidity and analogy-making},
  author={Hofstadter, Douglas R and Mitchell, Melanie},
  editor={Hofstadter, Douglas R and the Fluid Analogies Research Group},
  booktitle={{F}luid {C}oncepts and {C}reative {A}nalogies: {C}omputer {M}odels of the {F}undamental {M}echanisms},
  pages={205--267},
  year={1994},
  publisher={Basic Books},
}

@article{kauffman2001prolegomenon,
  title={Prolegomenon to a general biology},
  author={Kauffman, Stuart A},
  journal={Annals of the {N}ew {Y}ork {A}cademy of {S}ciences},
  volume={935},
  number={1},
  pages={18--36},
  year={2001},
  publisher={Wiley Online Library}
}

@book{mitchell1993analogy,
  title={{A}nalogy-making as perception: {A} computer model},
  author={Mitchell, Melanie},
  year={1993},
  publisher={MIT Press}
}

@misc{wiki:dreams,
  author = "Wikipedia",
  title = "List of dreams --- {W}ikipedia{,} {T}he {F}ree {E}ncyclopedia",
  year = "2014",
  url = "http://en.wikipedia.org/w/index.php?title=List_of_dreams&oldid=622779699",
  note = "[Online; accessed 12-September-2014]"
}

@book{goodyear1855gum,
  title={Gum-Elastic and its Varieties, with a Detailed Account of its Applications and Uses, and of the Discovery of Vulcanization},
  author={Goodyear, Charles},
  year={1855},
  publisher={Pub. for the author}
}

@article{tce-postits,
title={{S}pencer {S}ilver and {A}rthur {F}ry: the chemist and the tinkerer who created the {P}ost-it {N}ote},
journal={The Chemical Engineer},
author={Flavell-While, Claudia},
pages={53--55},
month={August},
year={2012}}

@incollection{bex-generalising,
  title={{G}eneralising argument dialogue with the {D}ialogue {G}ame {E}xecution {P}latform},
  author={Bex, Floris and Lawrence, John and Reed, Chris},
  booktitle={Fifth International Conference on Computational Models of Argument},
  series={Frontiers in Artificial Intelligence and Applications},
  publisher={IOS Press},
  editor={Parsons, Simon and Oren, Nir and Reed, Chris},
  year={2014}}

@misc{turing-intelligent,
title={Intelligent machinery, a heretical theory},
note={A lecture given to {`}51 Society{'} at Manchester},
year={1951},
author={Alan Turing}}

@book{bergson2010creative,
  title={{T}he {C}reative {M}ind},
  author={Bergson, Henri},
  year={1946 [1941]},
  note={(trans. Mabel L. Andison)},
  place={Westport, Connecticut},
  publisher={Greenwood Press},
  annote={original title: La {P}ens{\'e}e et le {M}ouvant},
}

@book{deleuze1991bergsonism,
  title={Bergsonism},
  author={Deleuze, Gilles},
  place={New York},
  publisher={Zone},
  note={(trans. Hugh Tomlinson and Barbara Habberjam)},
  year={1988 [1966]}
}

@article{moukas1997amalthaea,
  title={Amalthaea information discovery and filtering using a multiagent evolving ecosystem},
  author={Moukas, Alexandros},
  journal={Applied Artificial Intelligence},
  volume={11},
  number={5},
  pages={437--457},
  year={1997},
  publisher={Taylor \& Francis}
}

@book{eco2013serendipities,
  title={Serendipities: {L}anguage and lunacy},
  author={Eco, Umberto},
  year={2013},
  publisher={Columbia University Press}
}

@inproceedings{charnley2014flowr,
  title={{T}he {F}lo{W}r framework: {A}utomated flowchart construction, optimisation and alteration for creative systems},
  author={Charnley, John and Colton, Simon and Llano, Maria Teresa},
  booktitle={Proceedings of the 5th International Conference on Computational Creativity},
  year={2014}
}

@article{lenat1983eurisko,
  title={{EURISKO}: a program that learns new heuristics and domain concepts: the nature of heuristics {III}: program design and results},
  author={Lenat, Douglas B},
  journal={Artificial intelligence},
  volume={21},
  number={1},
  pages={61--98},
  year={1983},
  publisher={Elsevier}
}

@article{companions-in-geography,
  title={{`}{C}ompanions in {G}eography{'}: {T}he {S}ino-{E}uropean {E}ffort to {M}easure {C}hina, c.1685--1735},
  author={Cams, Mario},
  journal={Imago Mundi},
  volume={66},
  number={1},
  pages={136--137},
  year={2014},
}

@book{van2009serendipite,
  title={De la s{\'e}rendipit{\'e} dans la science, la technique, l'art et le droit: le{\c{c}}ons de l'inattendu},
  author={Van Andel, Pek and Bourcier, Dani{\`e}le},
  year={2009},
  publisher={L'act mem}
}

@book{singh2004big,
  title={Big bang},
  author={Singh, Simon},
  year={2004},
  publisher={Rizzoli}
}

@article{fine1996three,
  title={Three principles of serendip: insight, chance, and discovery in qualitative research},
  author={Fine, Gary Alan and Deegan, James G},
  journal={International Journal of Qualitative Studies in Education},
  volume={9},
  number={4},
  pages={434--447},
  year={1996},
  publisher={Taylor \& Francis}
}

@book{three-princes,
  title={Serendipity and the three princes: {F}rom the Peregrinaggio of 1557},
  author={Remer, Theodore G},
  year={1965},
  publisher={Norman, U. Oklahoma P}
}

@incollection{fleming,
author={Fleming, A.},
title={Penicillin},
booktitle={Nobel Lectures, Physiology or Medicine, 1942-1962},
publisher={Elsevier},
location={Amsterdam},
year={1964}}

@BOOK{vallery-radot,
 AUTHOR	   ={Pasteur Vallery-Radot, J. L.},
 TITLE	   ={Oeuvres de {P}asteur, {V}ol. 7},
 PUBLISHER ={Masson and Co.},
 YEAR      ={1939},
 ADDRESS   ={Paris, France},
 }

@INCOLLECTION{simonton:95,
 AUTHOR   ={Simonton, D. K.},
 YEAR     ={1995},
 TITLE    ={Foresight in Insight?},
 EDITOR   ={Sternberg, R. J. and Davidson (Eds.), J. E.},
 BOOKTITLE={The nature of insight},
 PAGES    ={465--494},
 PUBLISHER={MIT},
 ADDRESS  ={},
}

@BOOK{roberts,
 AUTHOR	   ={Roberts, R. M.},
 TITLE	   ={{S}erendipity: {A}ccidental {D}iscoveries in {S}cience},
 PUBLISHER ={John Wiley and Sons, Inc.},
 YEAR      ={1989},
 ADDRESS   ={USA},
 }

@INCOLLECTION{nickerson,
 AUTHOR   ={Nickerson, R. S.},
 YEAR     ={1999},
 TITLE    ={{E}nhancing {C}reativity},
 EDITOR   ={Sternberg, R. J.},
 BOOKTITLE={Handbook of Creativity},
 PAGES    ={392--430},
 PUBLISHER={Cambridge University Press},
 ADDRESS  ={Cambridge, UK},
}

@BOOK{merton,
 AUTHOR	   ={Merton, R. K. and Barber, E.},
 TITLE	   ={{T}he {T}ravels and {A}dventures of {S}erendipity: {A} study in {S}ociological {S}emantics and the {S}ociology of {S}cience},
 PUBLISHER ={Princeton University Press},
 YEAR      ={2004},
 ADDRESS   ={New Jersey, USA},
 }

@ARTICLE{lenox,
 AUTHOR   ={Lenox, R. S.},
 YEAR     ={1985},
 TITLE    ={Educating for the serendipitous discovery},
 JOURNAL  ={Journal of Chemical Education},
 VOLUME   ={62},
 NUMBER   ={4},
 PAGES    ={282--285},
 PUBLISHER={},
 ADDRESS  ={},
 }

@INPROCEEDINGS{jordanous,
 AUTHOR   ={Jordanous, A.},
 YEAR     ={2010},
 TITLE    ={Defining creativity: Finding keywords for creativity using corpus linguistics techniques},
 BOOKTITLE={Proceedings of the First International Conference on Computational Creativity (ICCC-X) Lisbon, Portugal},
 PUBLISHER={}, 
 ADDRESS  ={},
 }

@ARTICLE{jordanous:12,
 AUTHOR   ={Jordanous, A.},
 YEAR     ={2012},
 TITLE    ={{A} {S}tandardised {P}rocedure for {E}valuating {C}reative {S}ystems: {C}omputational {C}reativity {E}valuation {B}ased on {W}hat it is to be {C}reative},
 JOURNAL  ={Cognitive Computation},
 VOLUME   ={4},
 NUMBER   ={3},
 PAGES    ={246--279},
 PUBLISHER={},
 ADDRESS  ={},
 }

@BOOK{jevons:1877,
 AUTHOR	   ={Jevons, W. S.},
 TITLE	   ={{P}rinciples of {S}cience: {A} treatise on logic and scientific method},
 PUBLISHER ={Macmillan},
 YEAR      ={{1913 [1874]}},
 ADDRESS   ={London},
 }

@INCOLLECTION{dunbar:05,
 AUTHOR   ={Dunbar, K. and Fugelsang, J.},
 YEAR     ={2005},
 TITLE    ={Causal thinking in science: {H}ow scientists and students interpret the unexpected},
 EDITOR   ={Gorman, M. E. and Tweney, R. D. and Gooding, D. and Kincannon, A.},
 BOOKTITLE={Scientific and technical thinking},
 PAGES    ={57--79},
 PUBLISHER={Erlbaum},
 ADDRESS  ={Mahwah, NJ},
}

@BOOK{derond,
 AUTHOR	   ={Rond, M. de and Morley, I.},
 TITLE	   ={{S}erendipity: {F}ortune and the {P}repared {M}ind ({D}arwin {C}ollege {L}ectures)},
 PUBLISHER ={Cambridge University Press},
 YEAR      ={2010},
 ADDRESS   ={},
 }

@INPROCEEDINGS{charnley:12,
 AUTHOR   ={Charnley, J. and Pease, A. and Colton, S.},
 YEAR     ={2012},
 TITLE    ={{O}n the {N}otion of {F}raming in {C}omputational {C}reativity},
 BOOKTITLE={Proc. of the 3rd ICCC},
 PAGES    ={77--81},
 PUBLISHER={}, 
 ADDRESS  ={},
 }

@ARTICLE{campbell,
 AUTHOR   ={Campbell, R. L.},
 YEAR     ={1994},
 TITLE    ={On doing the impossible},
 JOURNAL  ={Behavioural and Brain Sciences},
 VOLUME   ={17},
 NUMBER   ={3},
 PAGES    ={535 - 537},
 PUBLISHER={CUP},
 ADDRESS  ={Cambridge},
 NOTE    ={Open peer commentary on \cite{boden}}}

@BOOK{bernard,
 AUTHOR	   ={Bernard, C.},
 TITLE	   ={An introduction to the study of experimental medicine},
 PUBLISHER ={Macmillan},
 YEAR      ={1865 (1927)},
 ADDRESS   ={London},
 }

@ARTICLE{benfey,
 AUTHOR   ={Benfey, O. T.},
 YEAR     ={1958},
 TITLE    ={August {K}ekul\'e and the {B}irth of the {S}tructural {T}heory of {O}rganic {C}hemistry in 1858},
 JOURNAL  ={Journal of Chemical Education},
 VOLUME   ={35},
 NUMBER   ={},
 PAGES    ={21--23},
 PUBLISHER={},
 ADDRESS  ={},
 }

@article{Makri2012,
author = {Makri, S. and Blandford, A.},
doi = {10.1108/00220411211256030},
issn = {5},
journal = {Journal of Documentation},
pages = {684--705},
title = {Coming across information serendipitously - {P}art 1: A process model},
url = {http://www.emeraldinsight.com/10.1108/00220411211256030},
volume = {68},
year = {2012}
}

@article{Makri2012a,
author = {Makri, S. and Blandford, A.},
doi = {10.1108/00220411211256030},
issn = {5},
journal = {Journal of Documentation},
pages = {706--724},
title = {Coming across information serendipitously - {P}art 2: A classification framework},
url = {http://www.emeraldinsight.com/10.1108/00220411211256030},
volume = {68},
year = {2012}
}

@article{Makri2011,
author = {Makri, S. and Blandford, A.},
doi = {10.1108/00220411211256030},
issn = {3},
journal = {Thematic Issue of Information Research},
title = {{W}hat is {S}erendipity? {A} {W}orkshop {R}eport},
url = {http://www.emeraldinsight.com/10.1108/00220411211256030},
volume = {16},
year = {2011}
}

@article{Iaquinta2008,
author = {Iaquinta, L. and Gemmis, M. and Lops, P. and Semeraro, G. and Filannino, M. and Molino, P.},
doi = {10.1109/HIS.2008.25},
isbn = {9780769533261},
journal = {8th Int. Conf. on Hybrid Intelligent Systems},
month = sep,
pages = {168--173},
publisher = {IEEE},
title = {{I}ntroducing {S}erendipity in a {C}ontent-{B}ased {R}ecommender {S}ystem},
url = {http://ieeexplore.ieee.org/lpdocs/epic03/wrapper.htm?arnumber=4626624},
year = {2008}
}

@inproceedings{Figueiredo2001,
author = {Figueiredo, A. D. and Campos, J.},
booktitle = {Proc. of ICCBR-4},
editor = {Weber, R. and von Wangenheim, C. G.},
number = {},
title = {{The Serendipity Equations}},
year = {2001}
}

@inproceedings{Donoghue2012,
author = {Donoghue, D. and Keane, M.},
booktitle = {Proceedings of the International Conference on Computational Creativity 2012},
pages = {17--24},
title = {{A Creative Analogy Machine: Results and Challenges Analogical Retrieval Phase-Model}},
year = {2012}
}

@inproceedings{Donoghue2002,
author = {Donoghue, D. and Crean, B.},
booktitle = {European Conference on Artifical Intelligence (ECAI), Workshop on Creative Systems},
number = {},
title = {{Searching for Serendipitous Analogies}},
year = {July, 2002}
}

@INPROCEEDINGS{Campos2002,
 AUTHOR   ={Campos, J. and Figueiredo, A. D.},
 YEAR     ={2002},
 TITLE    ={{P}rogramming for {S}erendipity},
 BOOKTITLE={Proc. of the AAAI Fall Symposium on Chance Discovery -- The Discovery and Management of Chance Events},
 PUBLISHER={}, 
 ADDRESS  ={},
 }

@article{rodgers2002defining,
  title={{D}efining reflection: {A}nother look at {J}ohn {D}ewey and reflective thinking},
  author={Rodgers, Carol},
  journal={The Teachers College Record},
  volume={104},
  number={4},
  pages={842--866},
  year={2002},
  publisher={Teachers College Record}
}

@article{coplien1997pattern,
  title={A pattern language for writers' workshops},
  author={Coplien, James O and Woolf, B},
  journal={{C++} report},
  volume={9},
  pages={51--60},
  year={1997},
  publisher={SIGS PUBLICATIONS, INC.}
}
@article{chaslot2008combining,
  title={{C}ombining expert, offline, transient and online knowledge in {M}onte-{C}arlo exploration},
  author={Chaslot, Guillaume and Chatriot, Louis and Fiter, C and Gelly, Sylvain and Hoock, Jean-Baptiste and Perez, Julien and Rimmel, Arpad and Teytaud, Olivier},
  year={2008},
  publisher={Citeseer}
}

@book{gabriel2002writer,
  title={{W}riter's {W}orkshops and the {W}ork of {M}aking {T}hings},
  author={Gabriel, Richard P},
  year={2002},
  publisher={Addison-Wesley Longman Publishing Co., Inc.}
}

@article{rowe1994creativity,
  title={Creativity: {M}etarules and emergent systems},
  author={Rowe, Jonathan},
  journal={Behavioral and Brain Sciences},
  volume={17},
  number={03},
  pages={550--551},
  year={1994},
  note ={Open peer commentary on \cite{boden}},
  publisher={Cambridge Univ Press}
}

@techreport{pearce-boden-and-beyond,
  title={{B}oden and {B}eyond: \emph{{T}he {C}reative {M}ind} and its {R}eception in the {A}cademic {C}ommunity.},
  author={Pearce, Marcus},
  year={2010},
  institution={City University},
  place={London}
}

@inproceedings{kohls2010structure,
  title={The structure of patterns},
  author={Kohls, Christian},
  booktitle={{P}roceedings of the 17th {C}onference on {P}attern {L}anguages of {P}rograms},
  pages={12},
  year={2010},
  organization={ACM}
}

@inproceedings{kohls2011structure,
  title={The structure of patterns: part {II}--qualities},
  author={Kohls, Christian},
  booktitle={{P}roceedings of the 18th {C}onference on {P}attern {L}anguages of {P}rograms},
  pages={27},
  year={2011},
  organization={ACM}
}

@book{deleuze1994difference,
  title={Difference and repetition},
  author={Deleuze, Gilles},
  year={2004 [1968]},
  note={(trans. Paul Patton)},
  place={London},
  publisher={Bloomsbury Academic}
}

@inproceedings{colton-flowcharting,
  title={{T}owards a {F}lowcharting {S}ystem for {A}utomated {P}rocess {I}nvention},
  author={Simon Colton and John Charnley},
  booktitle={Proceedings of the Fifth International Conference on Computational Creativity},
  editor={Ventura, Dan and Colton, Simon and Lavrac, Nada and Cook, Michael},
  year={2014}
}

@article{ryle1971thinking,
  title={Thinking and reflecting},
  author={Ryle, Gilbert},
  journal={Collected papers},
  volume={2},
  year={1971},
  publisher={Cambridge Univ Press},
  url={http://lucy.ukc.ac.uk/CSACSIA/Vol14/Papers/ryle_1.html},
}

@article{nowak2006five,
  title={Five rules for the evolution of cooperation},
  author={Nowak, Martin A.},
  journal={Science},
  volume={314},
  number={5805},
  pages={1560--1563},
  year={2006},
  publisher={American Association for the Advancement of Science}
}

@article{ostrom1999revisiting,
  title={Revisiting the commons: local lessons, global challenges},
  author={Ostrom, Elinor and Burger, Joanna and Field, Christopher B and Norgaard, Richard B and Policansky, David},
  journal={Science},
  volume={284},
  number={5412},
  pages={278--282},
  year={1999},
  publisher={American Association for the Advancement of Science}
}

@article{kaufman2004some,
  title={Some key research problems in automated theorem proving for hardware and software verification.},
  author={Kaufman, Matt and Strother Moore, J},
  journal={Revista de la Real Academia de Ciencias Exactas, F{\'\i}sicas y Naturales. Serie A: Matem{\'a}ticas (RACSAM)},
  volume={98},
  number={1},
  pages={181},
  year={2004},
  publisher={Real Academia de Ciencias Exactas, F{\'\i}sicas y Naturales}
}

@misc{free-software-better,
title={{W}hen {F}ree {S}oftware {I}sn't ({P}ractically) {B}etter},
author={Hill, Benjamin Mako},
url={http://www.gnu.org/philosophy/when_free_software_isnt_practically_better.html},
note={Licensed via CC-By-SA},
year={2011},
}

@article{shawlaboratories,
  title={Laboratories of {O}ligarchy?: {H}ow the iron law extends to peer production},
  author={Shaw, Aaron and Hill, Benjamin Mako},
  journal={Journal of Communication},
  year={forthcoming},
}

@misc{ArmyXtrainingX2002,
	title = {Training the Force ({F}ield {M}anual  {N}o. 7-0)},
	publisher = {{US Army}},
	author = {{US Army}},
	month = {Oct},
	year = {2002},
}

@book{society-of-mind,
	author = {Minsky, Marvin},
	title = {The {S}ociety of {M}ind},
	publisher = {New York: Simon and Schuster},
	year = {1988}
}

@article{singh2005architecture,
  title={An architecture for cognitive diversity},
  author={Singh, Push and Minsky, Marvin},
  journal={Visions of mind: architectures for cognition and affect},
  pages={312--331},
  year={2005}
}

@phdthesis{singh2005one,
  title={{E}{M}-{O}{N}{E}: an architecture for reflective commonsense thinking},
  author={Singh, Push},
  year={2005},
  school={Massachusetts Institute of Technology}
}

@phdthesis{sussman1973computational,
  title={A computational model of skill acquisition},
  author={Sussman, Gerald J},
  year={1973},
  school={Massachusetts Institute of Technology},
}

@book{minsky2007emotion,
  title={{T}he {E}motion {M}achine: {C}ommonsense Thinking, {A}rtificial {I}ntelligence, and the {F}uture of the {H}uman {M}ind},
  author={Minsky, Marvin},
  year={2007},
  publisher={Simon \& Schuster}
}

@article{alexander1999origins,
  title={The origins of pattern theory: The future of the theory, and the generation of a living world},
  author={Alexander, Christopher},
  journal={Software, IEEE},
  volume={16},
  number={5},
  pages={71--82},
  year={1999},
  publisher={IEEE}
}

@book{hirsch2004transactions,
  title={Transactions and creations: property debates and the stimulus of Melanesia},
  author={Hirsch, Eric and Strathern, Marilyn},
  year={2004},
  publisher={Berghahn Books}
}

@article{leach2005modes,
  title={{M}odes of {C}reativity and the {R}egister of {O}wnership},
  author={Leach, James},
  journal={{C}{O}{D}{E}: Collaborative ownership and the digital economy},
  volume={29},
  pages={38},
  year={2005},
  publisher={MIT Press}
}

@incollection{leach2007creativity,
  title={Creativity, {S}ubjectivity and the {D}ynamic of {P}ossessive {I}ndividualism},
  author={Leach, James},
  editor={Ingold, T. and Hallam, E.},
  booktitle={{C}reativity and {C}ultural {I}mprovisation},
  publisher={Berg},
  place={Oxford},
  year={2007}
}

@article{ingold1993technology,
  title={Technology, language, intelligence: a reconsideration of basic concepts},
  author={Ingold, Tim},
  journal={Tools, language and cognition in human evolution},
  pages={449--472},
  year={1993}
}

@book{delanda2011philosophy,
  title={Philosophy and simulation: the emergence of synthetic reason},
  author={DeLanda, Manuel},
  year={2011},
  publisher={Continuum}
}

@phdthesis{corneli-thesis,
	title = {Peer produced peer learning: {A} mathematics case study},
	school = {The Open University (examined)},
	author = {Corneli, Joseph},
	year = {2014},
},

@book{peeragogy-handbook,
  title={The {P}eeragogy {H}andbook},
  author={Howard Rheingold and others},
  year={2014},
  note={Arlington, MA: Pierce Press and Chicago: PubDomEd Press. Published with a CC-Zero copyright waiver.},
  url={http://peeragogy.org},
}

@book{bergin2012pedagogical,
  title={{P}edagogical {P}atterns: {A}dvice for {E}ducators},
  author={Bergin, Joseph and Eckstein, Jutta and Volter, Markus and Sipos, Marianna and Wallingford, Eugene and Marquardt, Klaus and Chandler, Jane and Sharp, Helen and Manns, Mary Lynn},
  year={2012},
  publisher={Joseph Bergin Software Tools}
}

@article{thurston1994proof,
  title={On proof and progress in mathematics},
  author={Thurston, W.P.},
  journal={Bulletin (New Series) of the American Mathematical Society},
  volume={30},
  number={2},
  pages={161--177},
  year={1994}
}

@book{alexander1979timeless,
  title={The timeless way of building},
  author={Alexander, Christopher},
  year={1979},
  publisher={Oxford University Press}
}

@book{gabriel1996patterns,
  title={{P}atterns of {S}oftware},
  author={Gabriel, Richard P.},
  year={1996},
  publisher={Oxford University Press New York}
}

@book{schuler2008liberating,
  title={Liberating voices: {A} pattern language for communication revolution},
  author={Schuler, Douglas},
  year={2008},
  publisher={MIT Press}
}

@book{alexander1977pattern,
  title={{A} {P}attern {L}anguage: {T}owns, {B}uildings, {C}onstruction},
  author={Alexander, Christopher and Ishikawa, Sara and Silverstein, Murray},
  year={1977},
  publisher={Oxford University Press}
}

@article{vayda1975new,
  title={New directions in ecology and ecological anthropology},
  author={Vayda, Andrew P and McCay, Bonnie J},
  journal={{A}nnual {R}eview of {A}nthropology},
  volume={4},
  pages={293--306},
  year={1975},
  publisher={JSTOR}
}

@article{vollweiler1983divination,
  title={Divination: \enquote{Adaptive} from Whose Perspective?},
  author={Vollweiler, Lothar Georg and Sanchez, Alison B},
  journal={Ethnology},
  volume={22},
  number={3},
  pages={193--209},
  year={1983},
  publisher={JSTOR}
}

@incollection{modes-hirsch2004transactions,
  title={Modes of creativity},
  booktitle={Transactions and creations: property debates and the stimulus of Melanesia},
  author={James Leach},
  editors={Eric Hirsch and Marilyn Strathern},
  year={2004},
  publisher={Berghahn Books}
}

@incollection{neary2009student,
  title={The student as producer: reinventing the student experience in higher education},
  author={Neary, Mike and Winn, Joss},
  booktitle={The future of higher education: policy, pedagogy and the student experience},
  editor={Bell, Leslie and Stevenson, Howard and Neary, Mike},
  year={2009},
  publisher={Continuum}
}

@incollection{winn2012open,
  title={Open education: From the freedom of things to the freedom of people},
  author={Winn, Joss},
  booktitle={Towards teaching in public: reshaping the modern university},
  editor={Stevenson, Howard and Bell, Les and Neary, Mike},
  year={2012},
  publisher={Continuum}
}

@book{fisher2001personal,
  title={Personal and Organisational Transformations: Trough Action Inquiry},
  author={Fisher, Dalmar and Rooke, David and Torbert, Bill},
  year={2001},
  publisher={Edge/Work Press}
}


@article{corneli2012paragogical,
  title={{P}aragogical praxis},
  author={Corneli, J.},
  journal={E-Learning and Digital Media},
  volume={9},
  number={3},
  pages={267--272},
  year={2012},
  publisher={Symposium Journals}
}

@inproceedings{colton2011computational,
  title={{C}omputational creativity theory: {T}he {F}{A}{C}{E} and {I}{D}{E}{A} descriptive models},
  author={Colton, Simon and Pease, A and Charnley, J},
  booktitle={Proceedings of the Second International Conference on Computational Creativity},
  year={2011}
}

@book{hutchins1995cognition,
  title={{C}ognition in the {W}ild},
  author={Hutchins, E.},
  year={1995},
  publisher={MIT press Cambridge, MA}
}

@book{lessig1999code,
  title={Code and other laws of cyberspace},
  author={Lessig, Lawrence},
  year={1999},
  publisher={Basic books}
}

@book{geertz1973interpretation,
  title={The interpretation of cultures: {S}elected essays},
  author={Geertz, Clifford},
  year={1973},
  publisher={Basic Books (AZ)}
}

@book{douglas2013essays,
  title={Essays on the Sociology of Perception},
  author={Douglas, Mary},
  volume={8},
  year={2013},
  publisher={Routledge}
}

%%%%%%%%%%%%%%%%%%%%%%%%%%%%%%%%%%%%%%%%%%%%%%%%%%%%%%%%%%%%%%%%%%%%%%%%%%%%%%%%%%%%%%%%%%%%%%%%%%%%

@BOOK{boden,
 AUTHOR    ={M.A. Boden},
 TITLE     ={{T}he {C}reative {M}ind: {M}yths and {M}echanisms},
 PUBLISHER ={Weidenfield and Nicholson},
 YEAR      ={1990},
 ADDRESS   ={London},
 }

@article{imbens1994identification,
  title={Identification and estimation of local average treatment effects},
  author={Imbens, Guido W and Angrist, Joshua D},
  journal={Econometrica: Journal of the Econometric Society},
  pages={467--475},
  year={1994},
  publisher={JSTOR}
}


@article{riedel2005edward,
  title={Edward {J}enner and the history of smallpox and vaccination},
  author={Riedel, Stefan},
  journal={Proceedings (Baylor University Medical Center)},
  volume={18},
  number={1},
  pages={21},
  year={2005},
  publisher={Baylor Health Care System}
}

@book{brown1998antipatterns,
  title={Anti{P}atterns: refactoring software, architectures, and projects in crisis},
  author={Brown, William J and McCormick, Hays W and Mowbray, Thomas J and Malveau, Raphael C},
  year={1998},
  publisher={Wiley New York}
}

@book{wallas1926art,
  title={The art of thought},
  author={Wallas, Graham},
  year={1926},
  publisher={J. Cape},
  place={London},
}

@article{sriraman2004characteristics,
  title={The characteristics of mathematical creativity},
  author={Sriraman, Bharath},
  journal={Mathematics Educator},
  volume={14},
  number={1},
  pages={19--34},
  year={2004},
  publisher={ERIC}
}

@article{poincare1910creation,
  title={Mathematical creation},
  author={Poincar{\'e}, Henri},
  journal={The Monist},
  volume={20},
  number={3},
  pages={321--335},
  year={1910},
}

@book{poincare2013science,
  title={Science and method},
  author={Poincar{\'e}, Henri},
  year={2013},
  publisher={Courier Dover Publications}
}

@incollection{stakeholder-groups-bookchapter,
author={Simon Colton and Alison Pease and Joseph Corneli and Michael Cook and Rose Hepworth and Dan Ventura},
title={{S}takeholder {G}roups in {C}omputational {C}reativity {R}esearch and {P}ractice},
editor={T. R. Besold and M. Schorlemmer and A. Smaill},
booktitle={Computational Creativity Research: Towards Creative Machines},
series={Thinking Machines: Studies in Computational Cognition},
publisher={Atlantis - Springer},
year={forthcoming},
}

@inproceedings{colton-assessingprogress,
  title={{A}ssessing {P}rogress in {B}uilding {A}utonomously {C}reative {S}ystems},
  author={Simon Colton and Pease, Alison and Corneli, Joseph and Cook, Michael and Llano, Teresa},
  booktitle={Proceedings of the Fifth International Conference on Computational Creativity},
  editor={Ventura, Dan and Colton, Simon and Lavrac, Nada and Cook, Michael},
  url={http://computationalcreativity.net/iccc2014/wp-content/uploads/2014/06//8.4_Colton.pdf},
  year={2014}
}

@inproceedings{pease2013discussion,
  title={{A} {D}iscussion on {S}erendipity in {C}reative {S}ystems},
  author={Pease, Alison and Colton, Simon and Ramezani, Ramin and Charnley, John and Reed, Kate},
  booktitle={Proceedings of the Fourth International Conference on Computational Creativity},
  year={2013}
}

@article{minsky1967programming,
  title={Why programming is a good medium for expressing poorly understood and sloppily formulated ideas},
  author={Minsky, Marvin},
  journal={Design and Planning II-Computers in Design and Communication},
  pages={120--125},
  year={1967}
}

@ARTICLE{pek,
 AUTHOR   ={Van Andel, P.},
 YEAR     ={1994},
 TITLE    ={{A}natomy of the {U}nsought {F}inding},
 JOURNAL  ={The British Journal for the Philosophy of Science},
 VOLUME   ={45},
 NUMBER   ={2},
 PAGES    ={pp. 631--648},
 PUBLISHER={Oxford University Press },
 ADDRESS  ={},
 }

@article{van1994anatomy,
  title={{A}natomy of the {U}nsought {F}inding. {S}erendipity: {O}rgin, {H}istory, {D}omains, {T}raditions, {A}ppearances, {P}atterns and {P}rogrammability},
  author={Van Andel, Pek},
  journal={The British Journal for the Philosophy of Science},
  volume={45},
  number={2},
  pages={631--648},
  year={1994},
  publisher={Br Soc Philosophy Sci}
}

@article{bourke1994putative,
  title={The putative dilemma of too many analytical bibliographic records for microform sets in the online catalog: or, does serendipity ever lead to scholarship?},
  author={Bourke, Thomas A},
  journal={Microform \& Imaging Review},
  volume={23},
  number={2},
  pages={56--60},
  year={1994}
}

@inproceedings{andre2009discovery,
  title={Discovery is never by chance: designing for (un) serendipity},
  author={Andr{\'e}, Paul and Teevan, Jaime and Dumais, Susan T and others},
  booktitle={Proceedings of the seventh ACM conference on Creativity and cognition},
  pages={305--314},
  year={2009},
  organization={ACM}
}

@inproceedings{mccay2010process,
  title={The process of serendipity in knowledge work},
  author={McCay-Peet, Lori and Toms, Elaine G},
  booktitle={Proceedings of the third symposium on Information interaction in context},
  pages={377--382},
  year={2010},
  organization={ACM}
}

@book{schneider1966coleridge,
  title={{C}oleridge, {O}pium, and {K}ubla {K}han},
  author={Schneider, Elisabeth Wintersteen},
  year={1966},
  publisher={Octagon books}
}

@book{roberts1989serendipity,
  title={{S}erendipity: {A}ccidental discoveries in science},
  author={Roberts, Royston M},
  publisher={John Wiley \& Sons, Inc.},
  year={1989}
}

@article{de1999sortes,
  title={{S}ortes {W}alpolianae: {D}iscoveries {``}{A}lmost{''} {L}ike {S}erendipity},
  author={de Chumaceiro, Cora L Diaz},
  journal={Creativity Research Journal},
  volume={12},
  number={4},
  pages={339--341},
  year={1999},
  publisher={Taylor \& Francis}
}

@inproceedings{maxwell2012designing,
  title={Designing a semantic sketchbook to create opportunities for serendipity},
  author={Maxwell, Deborah and Woods, Mel and Makri, Stephann and Bental, Diana and Kefalidou, Genovefa and Sharples, Sarah},
  booktitle={Proceedings of the 26th Annual BCS Interaction Specialist Group Conference on People and Computers},
  pages={357--362},
  year={2012},
  organization={British Computer Society}
}

@incollection{forth2013serena,
  title={{SerenA}: A multi-site pervasive agent environment that supports serendipitous discovery in research},
  author={Forth, Jamie and Giannimaras, Thanasis and Wiggins, Geraint A and Stewart, Robert and Bental, Diana and Aylett, Ruth and Maxwell, Deborah and Mehrpouya, Hadi and Shek, Jamie and Woods, Mel},
  booktitle={Advances on Practical Applications of Agents and Multi-Agent Systems},
  pages={85--96},
  year={2013},
  publisher={Springer}
}

@incollection{forth2013demonstrating,
  title={Demonstrating {SerenA}: Chance Encounters in the Space of Ideas},
  author={Forth, Jamie and Giannimaras, Athanasios and Wiggins, Geraint A and Stewart, Robert and Bental, Diana and Aylett, Ruth and Maxwell, Deborah and Mehrpouya, Hadi and Shek, Jamie and Woods, Mel},
  booktitle={Advances on Practical Applications of Agents and Multi-Agent Systems},
  pages={275--278},
  year={2013},
  publisher={Springer}
}

@article{de2013turing,
  title={{T}uring and the {S}erendipitous {D}iscovery of the {M}odern {C}omputer},
  author={de Sojo, Aurea Anguera and Ares, Juan and Lara, Juan A and Lizcano, David and Mart{\'\i}nez, Mar{\'\i}a A and Pazos, Juan},
  journal={Foundations of Science},
  pages={1--13},
  year={2013},
  publisher={Springer}
}

@article{kockelman2011biosemiosis,
  title={{B}iosemiosis, {T}echnocognition, and {S}ociogenesis: {S}election and {S}ignificance in a {M}ultiverse of {S}ieving and {S}erendipity},
  author={Kockelman, Paul},
  journal={Current Anthropology},
  volume={52},
  number={5},
  pages={711--739},
  year={2011},
  publisher={JSTOR}
}

@article{kockelman2010enemies,
  title={{E}nemies, parasites, and noise: {H}ow to take up residence in a system without becoming a term in it},
  author={Kockelman, Paul},
  journal={Journal of Linguistic Anthropology},
  volume={20},
  number={2},
  pages={406--421},
  year={2010},
  publisher={Wiley Online Library}
}

@article{brian1987path,
  title={Path-dependent processes and the emergence of macro-structure},
  author={Brian Arthur, W and Ermoliev, Yu M and Kaniovski, Yu M},
  journal={European journal of operational research},
  volume={30},
  number={3},
  pages={294--303},
  year={1987},
  publisher={Elsevier}
}

@article{mercer2002diversity,
  title={{D}iversity and {C}ommonality in the {A}nalysis of {T}alk},
  author={Mercer, Neil},
  journal={Journal of the Learning Sciences},
  volume={11},
  number={2-3},
  pages={369--371},
  year={2002},
  publisher={Taylor \& Francis}
}

@article{vrancx2010analyzing,
  title={Analyzing the dynamics of stigmergetic interactions through pheromone games},
  author={Vrancx, Peter and Verbeeck, Katja and Now{\'e}, Ann},
  journal={Theoretical Computer Science},
  volume={411},
  number={21},
  pages={2116--2126},
  year={2010},
  publisher={Elsevier}
}

@book{clark1998being,
  title={Being there: {P}utting brain, body, and world together again},
  author={Clark, A.},
  year={1998},
  publisher={MIT press},
  annote={This is cited by so many people and is so centrally connected to various things that it would probably be worth buying.}
}

@book{von2007theory,
  title={Theory of games and economic behavior (commemorative edition)},
  author={Von Neumann, John and Morgenstern, Oskar},
  year={2007},
  publisher={Princeton University press}
}

@book{wright2001nonzero,
  title={{N}onzero: {T}he logic of human destiny},
  author={Wright, Robert},
  year={2001},
  publisher={Random House Digital, Inc.}
}

@article{eriksson2003darwinian,
  title={{D}arwinian {S}election and {N}on-existence of {N}ash {E}quilibria},
  author={Eriksson, Daniel and Jensen, Henrik Jeldtoft},
  journal={arXiv preprint cond-mat/0301246},
  year={2003}
}

@article{van2008emergent,
  title={Emergent conventions in evolutionary games},
  author={Van Huyck, John},
  journal={Handbook of experimental economics results},
  volume={1},
  pages={520--530},
  year={2008},
  publisher={Elsevier}
}


@inproceedings{thudt2012bohemian,
  title={The bohemian bookshelf: supporting serendipitous book discoveries through information visualization},
  author={Thudt, Alice and Hinrichs, Uta and Carpendale, Sheelagh},
  booktitle={Proceedings of the 2012 ACM annual conference on Human Factors in Computing Systems},
  pages={1461--1470},
  year={2012},
  organization={ACM}
}

@incollection{maccatrozzo2012burst,
  title={Burst the filter bubble: using semantic web to enable serendipity},
  author={Maccatrozzo, Valentina},
  booktitle={The Semantic Web--ISWC 2012},
  pages={391--398},
  year={2012},
  publisher={Springer}
}

@article{carayannis2011knowledge,
  title={Knowledge arbitrage, serendipity, and acquisition formality: their effects on sustainable entrepreneurial activity in regions},
  author={Carayannis, Elias G and Provance, Mike and Givens, Nathaniel},
  journal={Engineering Management, IEEE Transactions on},
  volume={58},
  number={3},
  pages={564--577},
  year={2011},
  publisher={IEEE}
}

@incollection{kickmeier2009emergent,
  title={{E}mergent {D}esign: {S}erendipity in {D}igital {E}ducational {G}ames},
  author={Kickmeier-Rust, Michael D and Albert, Dietrich},
  booktitle={Virtual and Mixed Reality},
  pages={206--215},
  year={2009},
  publisher={Springer}
}

@article{ramakrishnan1999data,
  title={Data mining: {F}rom serendipity to science},
  author={Ramakrishnan, Naren and Grama, Ananth Y},
  journal={Computer},
  volume={32},
  number={8},
  pages={34--37},
  year={1999},
  publisher={IEEE}
}

@article{anguera2011computational,
  title={{C}omputational {M}odel for {S}erendipity},
  author={Anguera, A and Diaz, MA and Gutierrez, A and Katerinochkina, Nataliya and Palagin, Oleksandr and Romanov, Volodymyr and Galelyuka, Igor and Velychko, Vitalii and Hrusha, Volodymyr and Galelyuka, Oksana and others},
  journal={Information Technologies \& Knowledge},
  pages={85},
  year={2011}
}

@book{saunders2002curious,
  title={{C}urious {D}esign {A}gents and {A}rtificial {C}reativity: {A} {S}ynthetic {A}pproach to the {S}tudy of {C}reative {B}ehaviour},
  author={Saunders, Rob},
  year={2002},
  publisher={Department of Architectural and Design Science, Faculty of Architecture, University of Sydney}
}

@inproceedings{jones2011amplifying,
  author={Daniel Jones and Mark D'Inverno},
  title={Amplifying scientific creativity with agent-based simulation},
  booktitle={Unifying Themes in Complex Systems, Volume VIII, Proceedings of the Eighth International Conference on Complex Systems},
  editor={Hiroki, Sayama and Minai, Ali A. and Dan, Braha and Bar-Yam, Yaneer},
  year={2011},
}

@article{burroughs1961cut,
  title={{T}he cut-up method of {B}rion {G}ysin},
  author={Burroughs, William S},
  journal={The new media reader},
  pages={90--91},
  year={1961}
}

@book{owen2008open,
  title={{O}pen space technology: {A} user's guide},
  author={Owen, Harrison},
  year={2008},
  publisher={Berrett-Koehler Store}
}

@book{owen1997expanding,
  title={{E}xpanding our now: {T}he story of open space technology},
  author={Owen, Harrison},
  year={1997},
  publisher={Berrett-Koehler Store}
}





